@online{oazis,
	author = {Oázis Kertészeti Kft.},
	title = {Product information},
	year = {2025},
	url = {https://webshop.oazis.hu/termek/oazis-5999500437698-premium-zoldseg-fold_-25-liter},
	note = {Accessed: 2025-05-30}
}
@online{chatgpt,
	author = {{OpenAI}},
	title = {ChatGPT, Large language model},
	year = {2025},
	url = {https://chat.openai.com/},
	note = {Accessed: 2025-05-30}
}
@online{fao,
	author = {{Food and Agriculture Organization of the United Nations}},
	title = {Tomato},
	year = {2025},
	url = {https://www.fao.org/land-water/databases-and-software/crop-information/tomato/en/},
	note = {Accessed: 2025-05-30}
}